<?xml version="1.0" encoding="UTF-8"?><collection xmlns="http://www.loc.gov/MARC21/slim"><record><leader>00293nam--2200121-i-4500</leader><controlfield tag="001">000003130</controlfield><controlfield tag="002">20161230</controlfield><controlfield tag="005">20161230201025</controlfield><controlfield tag="008">060222s1000------------r-----000-0-eng-d</controlfield><datafield ind1=" " ind2=" " tag="100"><subfield code="a">Comstock, George</subfield></datafield><datafield ind1=" " ind2=" " tag="245"><subfield code="a">Titanium in iron and steel</subfield></datafield><datafield ind1=" " ind2=" " tag="260"><subfield code="a">New York, 1955 294 P.  Cu Fig</subfield></datafield><datafield ind1=" " ind2=" " tag="852"><subfield code="a">12116</subfield></datafield></record></collection>